[gd_scene load_steps=5 format=2]

[ext_resource path="res://Arena.tscn" type="PackedScene" id=1]
[ext_resource path="res://vessel/Vessel.tscn" type="PackedScene" id=2]
[ext_resource path="res://Main.gd" type="Script" id=3]
[ext_resource path="res://dice/Die.tscn" type="PackedScene" id=4]

[node name="Main" type="Control"]
anchor_right = 1.0
anchor_bottom = 1.0
script = ExtResource( 3 )
__meta__ = {
"_edit_use_anchors_": false
}

[node name="Arena" parent="." instance=ExtResource( 1 )]

[node name="Vessel" parent="Arena" instance=ExtResource( 2 )]

[node name="Die" parent="Arena" instance=ExtResource( 4 )]
transform = Transform( 1, 0, 0, 0, 1, 0, 0, 0, 1, 0.182338, 3.8147e-06, -45.1701 )

[node name="Die2" parent="Arena" instance=ExtResource( 4 )]
transform = Transform( 1, 0, 0, 0, 1, 0, 0, 0, 1, -10.3203, -2.71484, -59.9247 )

[node name="Die3" parent="Arena" instance=ExtResource( 4 )]
transform = Transform( 1, 0, 0, 0, 1, 0, 0, 0, 1, 1.76612, -8.06023, -87.1422 )

[node name="Die4" parent="Arena" instance=ExtResource( 4 )]
transform = Transform( 1, 0, 0, 0, 1, 0, 0, 0, 1, 9.35867, 5.52841, -64.3101 )

[node name="Label" type="Label" parent="."]
margin_right = 40.0
margin_bottom = 14.0

[node name="HUD" type="CanvasLayer" parent="."]

[connection signal="shoot" from="Arena/Vessel" to="." method="_spawn"]
